@article{sloan2021taylor,
  title={Taylor Swift and the work of songwriting},
  author={Sloan, Nate},
  journal={Contemporary Music Review},
  volume={40},
  number={1},
  pages={11--26},
  year={2021},
  publisher={Taylor \& Francis}
}
