@article{sloan2021taylor,
  title={Taylor Swift and the Work of Songwriting},
  author={Sloan, Nate},
  journal={Contemporary Music Review},
  volume={40},
  number={1},
  pages={11--26},
  year={2021},
  publisher={Taylor \& Francis}
}
@misc{fogarty2021you,
  title={Are You Ready For It? Re-evaluating Taylor Swift},
  author={Fogarty, Mary and Arnold, Gina},
  journal={Contemporary music review},
  volume={40},
  number={1},
  pages={1--10},
  year={2021},
  publisher={Taylor \& Francis}
}
@book{perone2017words},
  title={The Words and Music of Taylor Swift},
  author={Perone, James E},
  year={2017},
  publisher={ABC-CLIO}
}
@article{nunes2015power},
  title={The Power of Repetition},
  author={Nunes, Joseph, Ordanini, Andrea, and Valsesia, Francesca},
  journal={Journal of Consumer Psychology},
  volume={25},
  number={2},
  pages={187},
  publisher={ScienceDirect}
  }
  
