@article{dwyertaylor,
  title={Taylor Swifts Pandemic Redemption},
  author={Dwyer, Matthew}
}
@article{nunes2015power,
  title={The power of repetition: repetitive lyrics in a song increase processing fluency and drive market success},
  author={Joseph C. Nunes, Andrea Ordanini, Francesca Valsesia},
  journal={Journal of Consumer Psychology},
  volume={25},
  year={2015}
}
@book{newkey2014taylor,
  title={Taylor Swift-the Whole Story},
  author={Newkey-Burden, Chas},
  year={2014},
  publisher={Harpercollins Publishers}
}
@article{rossman2022taylor,
  title={Taylor Swift, remediating the self, and nostalgic girlhood in tween music fandom},
  author={Rossman, Margaret},
  journal={Transformative Works and Cultures},
  volume={38},
  year={2022}
}
@article{gromkowskapop,
  title={Pop culture icons and idols. Taylor Swift and Barbie as body and identity icons for the youth.},
  author={GROMKOWSKA-MELOSIK, AGNIESZKA},
  journal={EDUCATIONAL AND SOCIO-CULTURAL COMPETENCES OF CONTEMPORARY TEACHERS},
  pages={37}
}
@misc{fogarty2021you,
  title={Are you ready for it? Re-evaluating Taylor Swift},
  author={Fogarty, Mary and Arnold, Gina},
  journal={Contemporary music review},
  volume={40},
  number={1},
  pages={1--10},
  year={2021},
  publisher={Taylor \& Francis}
}
@book{perone2017words,
  title={The Words and Music of Taylor Swift},
  author={Perone, James E},
  year={2017},
  publisher={ABC-CLIO}
}