@book{newkey2014taylor,
  title={Taylor Swift - The Whole Story},
  author={Newkey-Burden, Chas},
  year={2014},
  publisher={Harpercollins Publishers}
}

  
